<?xml version="1.0" encoding="UTF-8"?><collection xmlns="http://www.loc.gov/MARC21/slim"><record><leader>00558nam--2200193-i-4500</leader><controlfield tag="001">000022221</controlfield><controlfield tag="002">20161230</controlfield><controlfield tag="005">20161230201034</controlfield><controlfield tag="008">060222s1000------------r-----000-0-rus-d</controlfield><datafield ind1=" " ind2=" " tag="040"><subfield code="a">IFIN-HH</subfield></datafield><datafield ind1=" " ind2=" " tag="041"><subfield code="a">rus</subfield></datafield><datafield ind1=" " ind2=" " tag="080"><subfield code="a">621.039.3:539.17:533.53</subfield></datafield><datafield ind1="1" ind2=" " tag="100"><subfield code="a">Plaksin, I.N</subfield></datafield><datafield ind1="1" ind2="0" tag="245"><subfield code="a">Iaderno-fiziceskie metodi kntrolia vesestvennogo sostava</subfield><subfield code="b">Iadernie reaktii i aktivationnii analiz</subfield><subfield code="c">I.n. plaksin, l.p. starcik</subfield></datafield><datafield ind1=" " ind2=" " tag="260"><subfield code="a">Moskva</subfield><subfield code="b">Nauka</subfield><subfield code="c">1966</subfield></datafield><datafield ind1=" " ind2=" " tag="300"><subfield code="a">204P</subfield></datafield><datafield ind1="1" ind2=" " tag="700"><subfield code="b">Starcik, L.P</subfield></datafield><datafield ind1=" " ind2=" " tag="852"><subfield code="a">25353</subfield><subfield code="c">539.17</subfield></datafield><datafield ind1=" " ind2=" " tag="CAT"><subfield code="a">Sys</subfield><subfield code="c">20120601</subfield><subfield code="h">093840</subfield></datafield></record></collection>